@article{nash50,
    author = "Nash, J.",
    title = "Equilibrium points in n-person games",
    journal = "Proceedings of the National Academy of Sciences",
    volume = "36",
    year = "1950",
    langid = "english"
}

@inproceedings{littman94,
    author = "Littman, M. L.",
    title = "Markov games as a framework for multi-agent reinforcement learning",
    booktitle = "Proceedings of the 11th International Conference on Machine Learning (ICML)",
    year = "1994",
    langid = "english"
}

@article{tesauro95,
    author = "Tesauro, G.",
    title = "Temporal Difference Learning and TD-Gammon",
    journal = "Communications of the ACM",
    volume = "38",
    year = "1995",
    langid = "english"
}

@article{bowling02,
    author = "Bowling, M. and Veloso, M.",
    title = "Multiagent learning using a variable learning rate",
    journal = "Artificial Intelligence",
    volume = "136",
    year = "2002",
    langid = "english"
}

@article{busoniu08,
    author = "Busoniu, L. and Babuska, R. and De Schutter, B.",
    title = "A Comprehensive Survey of Multiagent Reinforcement Learning",
    journal = "IEEE Transactions on Systems, Man, and Cybernetics",
    volume = "38",
    year = "2008",
    langid = "english"
}

@inproceedings{foerster16,
    author = "Foerster, J. and Assael, Y. and de Freitas, N. and Whiteson, S.",
    title = "Learning to Communicate with Deep Multi-Agent Reinforcement Learning",
    booktitle = "Advances in Neural Information Processing Systems (NIPS)",
    year = "2016",
    langid = "english"
}

@inproceedings{lowe17,
    author = "Lowe, R. and Wu, Y. and Tamar, A. and Harb, J. and Abbeel, P. and Mordatch, I.",
    title = "Multi-Agent Actor-Critic for Mixed Cooperative-Competitive Environments",
    booktitle = "Advances in Neural Information Processing Systems (NIPS)",
    year = "2017",
    langid = "english"
}

@inproceedings{legleau20,
    author = "Le Gl{\'e}au, Tangui and Marjou, Xavier and Lemlouma, Tayeb and Radier, Benoit",
    title = "Multi-agents Ultimatum Game with Reinforcement Learning",
    editor = "De La Prieta, Fernando and Mathieu, Philippe and Rinc{\'o}n Arango, Jaime Andr{\'e}s and El Bolock, Alia and Del Val, Elena and Jord{\'a}n Prunera, Jaume and Carneiro, Jo{\~a}o and Fuentes, Rub{\'e}n and Lopes, Fernando and Juli{\'a}n, Vicente",
    booktitle = "Highlights in Practical Applications of Agents, Multi-Agent Systems, and Trust-worthiness. The PAAMS Collection",
    series = "Communications in Computer and Information Science",
    volume = "1233",
    pages = "267--278",
    publisher = "Springer",
    year = "2020",
    doi = "10.1007/978-3-030-51999-5_22",
    langid = "english"
}

@article{chang20,
    author = "Chang, Ho-Chun Herbert",
    title = "Multi-issue Bargaining with Deep Reinforcement Learning",
    year = "2020",
    month = "February",
    day = "19",
    langid = "english"
}

@article{schulman2017ppo,
    author = {Schulman, John and Wolski, Filip and Dhariwal, Prafulla and Radford, Alec and Klimov, Oleg},
    title = {Proximal Policy Optimization Algorithms},
    year = {2017},
    url = {https://arxiv.org/abs/1707.06347},
    eprint = {1707.06347},
    archivePrefix = {arXiv},
    primaryClass = {cs.LG}
}

@article{mnih2013dqn,
    author = {Mnih, Volodymyr and Kavukcuoglu, Koray and Silver, David and Graves, Alex and Antonoglou, Ioannis and Wierstra, Daan and Riedmiller, Martin},
    title = {Playing Atari with Deep Reinforcement Learning},
    year = {2013},
    url = {https://arxiv.org/abs/1312.5602},
    eprint = {1312.5602},
    archivePrefix = {arXiv},
    primaryClass = {cs.LG}
}

@inproceedings{goodfellow2014gan,
author = {Goodfellow, Ian and Pouget-Abadie, Jean and Mirza, Mehdi and Xu, Bing and Warde-Farley, David and Ozair, Sherjil and Courville, Aaron and Bengio, Yoshua},
title = {Generative Adversarial Nets},
booktitle = {Advances in Neural Information Processing Systems},
year = {2014},
pages = {2672--2680}
}